@inproceedings{epstein2011towards,
  title={Towards Haskell in the cloud},
  author={Epstein, J. and Black, A.P. and Peyton-Jones, S.},
  booktitle={ACM SIGPLAN Notices},
  volume={46},
  number={12},
  pages={118--129},
  year={2011},
  organization={ACM}
}

@misc{newagedcs,
  title = {Report predicts global rise in data center usage},
  howpublished = {\url{http://www.newagedcs.com/news/industry-trends/2012-10-30/report-predicts-global-rise-in-data-center-usage/800895007}},
}
@misc{facebook,
  title = {Erlang at Facebook},
  howpublished = {\url{http://www.facebook.com/note.php?note_id=16787213919&id=9445547199&index=2}},
}
@misc{erlangfaq,
  title = {Who uses Erlang for product development?},
  howpublished = {\url{http://www.erlang.org/faq/introduction.html#id49610}},
}
@misc{wiki_erlang,
  title = {Companies using Erlang},
  howpublished = {\url{http://en.wikipedia.org/wiki/Erlang_(programming_language)#Companies_using_Erlang}},
}
@misc{wiki_pig,
  title = {Pig at Wikipedia},
  howpublished = {\url{http://en.wikipedia.org/wiki/Pig_(programming_tool)}},
}

